<?xml version="1.0" encoding="UTF-8"?><collection xmlns="http://www.loc.gov/MARC21/slim"><record><leader>00552nam--2200169-u-4500</leader><controlfield tag="001">000054224</controlfield><controlfield tag="002">20161230</controlfield><controlfield tag="005">20161230201051</controlfield><controlfield tag="008">110919s1000------------r-----000-0-eng-d</controlfield><datafield ind1=" " ind2=" " tag="040"><subfield code="a">IFIN-HH</subfield></datafield><datafield ind1=" " ind2=" " tag="080"><subfield code="a">621.318.1(043):537.622.4(043)</subfield></datafield><datafield ind1="1" ind2=" " tag="100"><subfield code="a">Singal, Chander Mohan</subfield></datafield><datafield ind1="1" ind2="0" tag="245"><subfield code="a">Electronic structure and properties of ferromagnetic hexagonal close pached cobalt</subfield><subfield code="b">Dissertation</subfield><subfield code="c">Chander mohan singal</subfield></datafield><datafield ind1=" " ind2=" " tag="260"><subfield code="a">Ann Arbor, Michigan</subfield><subfield code="b">University Microfilms, Inc</subfield><subfield code="c">1973</subfield></datafield><datafield ind1=" " ind2=" " tag="300"><subfield code="a">445P</subfield></datafield><datafield ind1=" " ind2=" " tag="852"><subfield code="a">42458</subfield><subfield code="c">538.221</subfield></datafield><datafield ind1=" " ind2=" " tag="CAT"><subfield code="a">Sys</subfield><subfield code="c">20110919</subfield><subfield code="h">113602</subfield></datafield></record></collection>